BibTeX-Datei zum hagenberg-Package


Not included yet
@article{CollabVis09,
    author={Frank van Ham et. al},
    title={Collaborative Visualization},
    year={2009},
    url={http://www2.computer.org/plugins/dl/pdf/mags/cg/2009/05/mcg2009050020.pdf?template=1&loginState=1&userData=anonymous-IP%253A%253A129.42.208.183}
    language={english}
}

@inproceedings{Holmberg06,
 author = {Holmberg, Nathan and W\"{u}nsche, Burkhard and Tempero, Ewan},
 title = {A framework for interactive web-based visualization},
 booktitle = {Proceedings of the 7th Australasian User interface conference - Volume 50},
 series = {AUIC '06},
 year = {2006},
 isbn = {1-920682-32-5},
 location = {Hobart, Australia},
 pages = {137--144},
 numpages = {8},
 acmid = {1151778},
 publisher = {Australian Computer Society, Inc.},
 address = {Darlinghurst, Australia, Australia},
 keywords = {interactive, visualization, web-application, web3D},
} 


@inproceedings{Johnson08,
 author = {Johnson, Donald W. and Jankun-Kelly, T. J.},
 title = {A scalability study of web-native information visualization},
 booktitle = {Proceedings of graphics interface 2008},
 series = {GI '08},
 year = {2008},
 isbn = {978-1-56881-423-0},
 location = {Windsor, Ontario, Canada},
 pages = {163--168},
 numpages = {6},
 acmid = {1375743},
 publisher = {Canadian Information Processing Society},
 address = {Toronto, Ont., Canada, Canada},
 keywords = {HTML canvas, Java, asynchronous javascript (AJAX), information visualization, parallel coordinates, scalable vector graphics (SVG), treemap, web-based visualization},
}



@article{Protovis09,
  title = {Protovis: A Graphical Toolkit for Visualization},
  author = {Michael Bostock AND Jeffrey Heer},
  journal = {IEEE Trans. Visualization \& Comp. Graphics (Proc. InfoVis)},
  year = {2009},
  url = {http://vis.stanford.edu/papers/protovis}
}

@article{NarrativeVis10,
  title = {Narrative Visualization: Telling Stories with Data},
  author = {Edward Segel AND Jeffrey Heer},
  journal = {IEEE Trans. Visualization \& Comp. Graphics (Proc. InfoVis)},
  year = {2010},
  url = {http://vis.stanford.edu/papers/narrative}
}


@article{D3,
  title = {D3: Data-Driven Documents},
  author = {Michael Bostock AND Vadim Ogievetsky AND Jeffrey Heer},
  journal = {IEEE Trans. Visualization \& Comp. Graphics (Proc. InfoVis)},
  year = {2011},
  url = {http://vis.stanford.edu/papers/d3},
  language={english}
}

@article{DeclarativeLD10,
  title = {Declarative Language Design for Interactive Visualization},
  author = {Jeffrey Heer AND Michael Bostock},
  journal = {IEEE Trans. Visualization \& Comp. Graphics (Proc. InfoVis)},
  year = {2010},
  url = {http://vis.stanford.edu/papers/protovis-design}
}


@article{Fluit05,
    author = {Fluit, Christiaan. and Sabou, Marta and Van Harmelen, Frank},
    citeulike-article-id = {9452509},
    posted-at = {2011-06-24 08:14:41},
    priority = {2},
    publisher = {Springer--Verlag: Editor Vladimir Geroimenko},
    title = {{Ontology--based Information Visualization: Towards Semantic Web Applications. Visualising the Semantic Web}},
    year = {2005}
}

@article{Ziemkiewicz10,
  title={Embedding Information Visualization Within Visual Representation},
  author={Ziemkiewicz, Caroline and Kosara, Robert},
  journal={Information Visualization},
  publisher={Springer},
  editor={Ras, Zbigniew W and Ribarsky, WilliamEditors},
  year={2010}, 
  pages={1--20}
}


@book{InformationVisualization07,
 author = {Spence, Robert},
 title = {Information Visualization: Design for Interaction (2nd Edition)},
 year = {2007},
 isbn = {0132065509},
 publisher = {Prentice-Hall, Inc.},
 address = {Upper Saddle River, NJ, USA},
}

@book{tufte09,
    author = {Tufte, Edward R.},
    citeulike-article-id = {230215},
    day = {01},
    edition = {2nd},
    howpublished = {Hardcover},
    isbn = {0961392142},
    keywords = {communication, graphics, information, statistics},
    month = may,
    posted-at = {2005-12-30 12:17:07},
    priority = {0},
    publisher = {Graphics Pr},
    title = {{The Visual Display of Quantitative Information}},
    year = {2001}
}


@book{IlluminatingThePath05,
    author = {Thomas, James J. and Cook, Kristin A.},
    citeulike-article-id = {3014009},
    howpublished = {Paperback},
    isbn = {0769523234},
    keywords = {informationvisualization},
    posted-at = {2009-01-29 18:47:02},
    priority = {2},
    publisher = {National Visualization and Analytics Center},
    title = {{Illuminating the Path: The Research and Development Agenda for Visual Analytics}},
    year = {2005}
}




@unpublished{Huynh09,
    author = {Huynh, David and Karger, David},
    citeulike-article-id = {4937445},
    comment = {(submitted to WWW 2009)},
    keywords = {file-import-09-06-23},
    posted-at = {2009-06-23 22:38:04},
    priority = {2},
    title = {{Parallax and Companion: Set-based Browsing for the Data Web}},
    year = {2009}
}


@inproceedings{Ahlberg92dynamicqueries,
 author = {Ahlberg, Christopher and Williamson, Christopher and Shneiderman, Ben},
 title = {Dynamic queries for information exploration: an implementation and evaluation},
 booktitle = {Proceedings of the SIGCHI conference on Human factors in computing systems},
 series = {CHI '92},
 year = {1992},
 isbn = {0-89791-513-5},
 location = {Monterey, California, United States},
 pages = {619--626},
 numpages = {8},
 acmid = {143054},
 publisher = {ACM},
 address = {New York, NY, USA},
} 




@inproceedings{Hearst95tilebars,
  author = {Hearst, Marti A.},
  title = {TileBars: visualization of term distribution information in full text information access},
  booktitle = {Proceedings of the SIGCHI conference on Human factors in computing systems},
  series = {CHI '95},
  year = {1995},
  isbn = {0-201-84705-1},
  location = {Denver, Colorado, United States},
  pages = {59--66},
  numpages = {8},
  acmid = {223912},
  publisher = {ACM Press/Addison-Wesley Publishing Co.},
  address = {New York, NY, USA},
}

@inproceedings{tablelens97,
  author = {Tenev, Tichomir and Rao, Rao},
  title = {Managing multiple focal levels in Table Lens},
  booktitle = {Proceedings of the 1997 IEEE Symposium on Information Visualization (InfoVis '97)},
  year = {1997},
  isbn = {0-8186-8189-6},
  pages = {59--},
  acmid = {857645},
  publisher = {IEEE Computer Society},
  address = {Washington, DC, USA},
  keywords = {Table Lens, context visualization, data values, data visualisation, design enhancements, exploratory data analysis, focus visualization, graphical representations, large data tables, multiple focal level management, screen space, single pixel row, spreadsheet, user interface},
}

@article{VisualizationZoo:2010,
 author = {Heer, Jeffrey and Bostock, Michael and Ogievetsky, Vadim},
 title = {A Tour through the Visualization Zoo},
 journal = {Queue},
 issue_date = {May 2010},
 volume = {8},
 issue = {5},
 issn = {1542-7730},
 pages = {20:20--20:30},
 articleno = {20},
 numpages = {11},
 acmid = {1805128},
 publisher = {ACM},
 address = {New York, NY, USA},
} 



@INPROCEEDINGS{Spence82,
  author = {Robert Spence and Mark Apperley},
  title = {A bifocal display technique for data presentation},
  booktitle = {Proceedings of Eurographics 1982},
  year = {1982},
  pages = {27-43},
  publisher = {ACM Press}
}



@inproceedings{WuenscheLobb01,
  author={Wünsche B., Lobb R.},
  title={A scientific visualization schema incorporating perceptual concepts},
  booktitle={Proceedings of ICVNZ'01},
  year={2001},
  publisher={},
  address={},
  pages={31-36},
  language={english},
}


@inproceedings{shneiderman96eyes,
  author = {Shneiderman, Ben},
  address = {College Park, Maryland 20742, U.S.A.},
  booktitle = {IEEE Visual Languages},
  interhash = {0fabdf70227f667582c6e015deaa63dc},
  intrahash = {cef18bd844d73659f72b6f55d7ac6670},
  number = {UMCP-CSD CS-TR-3665},
  pages = {336-343},
  title = {The Eyes Have It: {A} Task by Data Type Taxonomy for Information Visualizations},
  year = 1996,
  timestamp = {2006-11-27T17:15:26.000+0100},
  keywords = {visualization},
  added-at = {2006-11-27T17:15:26.000+0100},
  description = {The Eyes Have It: A Task by Data Type Taxonomy for Information Visualizations - Shneiderman (ResearchIndex)},
}


@inproceedings{design-considerations-vast,
  title = {Design Considerations for Collaborative Visual Analytics},
  author = {Jeffrey Heer AND Maneesh Agrawala},
  booktitle = {IEEE Visual Analytics Science \& Technology (VAST)},
  year = {2007},
  pages = {171--178},
  url = {http://vis.stanford.edu/papers/design-considerations-vast}
}


@article{manyeyes,
  address = {Piscataway, NJ, USA},
  author = {Viegas, F. B. and Wattenberg, M. and van Ham, F. and Kriss, J. and McKeon, M.},
  booktitle = {Visualization and Computer Graphics, IEEE Transactions on},
  day = {05},
  doi = {10.1109/TVCG.2007.70577},
  issn = {1077-2626},
  journal = {IEEE Transactions on Visualization and Computer Graphics},
  keywords = {wemeddlechi},
  month = nov,
  number = {6},
  pages = {1121--1128},
  pmid = {17968055},
  posted-at = {2009-09-09 02:44:41},
  priority = {2},
  publisher = {IEEE Educational Activities Department},
  title = {{ManyEyes: a Site for Visualization at Internet Scale}},
  volume = {13},
  year = {2007}
}


@article{voyagers-and-voyeurs,
  title = {Voyagers and Voyeurs: Supporting Asynchronous Collaborative Visualization},
  author = {Jeffrey Heer AND Fernanda Viégas AND Martin Wattenberg},
  journal = {Communications of the ACM},
  year = {2009},
  volume = {52},
  issue = {1},
  pages = {87--97},
  url = {http://vis.stanford.edu/papers/voyagers-and-voyeurs-cacm}
}


@book{card99,
  author = {Card, Stuart K. and Mackinlay, J. D. and Shneiderman, Ben},
  address = {London},
  interhash = {8ea657274cf2d536edba9b6114f60c13},
  intrahash = {4eada1914cb657f18aafea9943ab070b},
  publisher = {Academic Press},
  title = {Readings in Information Visualization: Using Vision to Think},
  year = 1999,
  timestamp = {2009-11-13T10:41:48.000+0100},
  keywords = {visualization},
  added-at = {2009-11-13T10:41:48.000+0100},
  description = {sdasda},
}

@article{clark91,
  author = {Clark, Hebert H. and Brennan, S. A.},
  interhash = {37e07ac8981c2db50cf952da46c0c457},
  intrahash = {449c86fe54fd6432d07f8fe14d8fe181},
  journal = {Perspectives on socially shared cognition},
  pages = {127--149},
  title = {Grounding in communication},
  year = 1991,
  timestamp = {2007-01-16T12:19:52.000+0100},
  keywords = {kommunikation knowledge management wissensmanagement wm},
  added-at = {2007-01-16T12:19:52.000+0100},
}


@article{deursen2000,
  author = {van Deursen, Arie and Klint, Paul and Visser, Joost},
  title = {Domain-specific languages: an annotated bibliography},
  journal = {SIGPLAN Not.},
  volume = {35},
  issue = {6},
  month = {June},
  year = {2000},
  issn = {0362-1340},
  pages = {26--36},
  numpages = {11},
  acmid = {352035},
  publisher = {ACM},
  address = {New York, NY, USA},
}


@book{wilkinson2005grammar,
  title={The grammar of graphics},
  author={Wilkinson, L. and Wills, G.},
  isbn={9780387245447},
  lccn={2005043230},
  series={Statistics and computing},
  year={2005},
  publisher={Springer},
  address = {Secaucus, NJ, USA},
}


@book{Bertin83,
  author = {Bertin, Jacques},
  address = {Madison, WI},
  interhash = {5f9854c8eedee9bc87c5a302aa080a94},
  intrahash = {7a099d572db587673746c0b113f9ecf8},
  publisher = {University of Wisconsin Press},
  title = {Semiology of Graphics},
  year = 1983,
  timestamp = {2009-05-21T11:41:36.000+0200},
  keywords = {Cartography},
  added-at = {2009-05-21T11:41:36.000+0200},
  description = {ESOM},
}



@article{Mackinlay86automatingthe,
  author = {Mackinlay, Jock},
  title = {Automating the design of graphical presentations of relational information},
  journal = {ACM Trans. Graph.},
  volume = {5},
  issue = {2},
  month = {April},
  year = {1986},
  issn = {0730-0301},
  pages = {110--141},
  numpages = {32},
  acmid = {22950},
  publisher = {ACM},
  address = {New York, NY, USA},
}

@inproceedings{Chi98anoperator,
  author = {Chi, Ed Huai-hsin and Riedl, John},
  title = {An Operator Interaction Framework for Visualization Systems},
  booktitle = {Proceedings of the 1998 IEEE Symposium on Information Visualization},
  year = {1998},
  isbn = {0-8186-9093-3},
  location = {North Carolina},
  pages = {63--70},
  numpages = {8},
  acmid = {721078},
  publisher = {IEEE Computer Society},
  address = {Washington, DC, USA},
} 